=LDR  02665cam a2200625 i 4500
=001  019105489
=003  Uk
=005  20190108112158.0
=008  181101s2018\\\\sz\a\\\\\b\\\|0|0\0|eng\\
=FMT  \\$a  BK
=020  \\$a9783319951850$qpaperback
=020  \\$z9783319951867$qeBook
=040  \\$aUk$beng$cUk$erda
=042  \\$aukblsr
=082  04$a515.353$223
=100  10$aCabré, Xavier,$d1966-$eauthor.
=245  10$aGeometry of PDEs and related problems :$bCetraro, Italy 2017 /$cXavier Cabré, Antoine Henrot, Daniel Peralta-Salas, Wolfgang Reichel, Henrik Shahgholian ; Chiara Bianchini, Antoine Henrot, Rolando Magnanini, editors.
=264  \1$aCham, Switzerland :$bSpringer,$c[2018]
=300  \\$axi, 196 pages :$billustrations (black and white, and colour) ;$c24 cm.
=336  \\$atext$2rdacontent
=337  \\$aunmediated$2rdamedia
=338  \\$avolume$2rdacarrier
=490  0\$aLecture notes in mathematics,$x0075-8434 ;$v2220.$aCIME Foundation subseries
=500  \\$a"CIME Summer School "Geometry of PDEs and related problems," held in Cetraro (Cosenza, Italy) in the week of June 19-23, 2017"--Preface.
=530  \\$aAlso published electronically.
=504  \\$aIncludes bibliographical references.
=500  \\$a"ISSN 1617-9692 (electronic)"--Title page verso.
=540  \\$aCurrent copyright fee: GBP19.00$c42\0$5Uk
=650  \0$aDifferential equations, Partial.
=650  \0$aGeometric analysis.
=650  \0$aDifferential equations, Elliptic.
=710  2\$aCentro internazionale matematico estivo.
=856  \\$uhttp://link.springer.com/$xBLDSS
=852  41$aBritish Library$bDSC$j5180.200000
=852  71$aBritish Library$bSTI$k(P)$hP 00$m-E(88)$2blsrissc
=CAT  \\$a8411$b40$c20181101$lBLL01$h1203
=CAT  \\$aBATCH-CLA$b00$c20181102$lBLL01$h0106
=CAT  \\$aBATCH-UPD$b00$c20181106$lBLL01$h2310
=CAT  \\$aBATCH-CLA$b00$c20181107$lBLL01$h0134
=CAT  \\$aBLDSS-3PM$b00$c20181108$lBLL01$h0847
=CAT  \\$aBATCH-UPD$b00$c20181108$lBLL01$h0849
=CAT  \\$aBATCH-CLA$b00$c20181109$lBLL01$h0108
=CAT  \\$a6989$b40$c20181126$lBLL01$h1126
=CAT  \\$aBATCH-CLA$b00$c20181127$lBLL01$h0109
=CAT  \\$a14259$b40$c20190108$lBLL01$h1057
=CAT  \\$a14259$b40$c20190108$lBLL01$h1100
=CAT  \\$a14259$b40$c20190108$lBLL01$h1101
=CAT  \\$a14259$b40$c20190108$lBLL01$h1120
=CAT  \\$a14259$b40$c20190108$lBLL01$h1121
=CAT  \\$aBATCH-CLA$b00$c20190109$lBLL01$h0137
=CFI  0\$aCurrent copyright fee: GBP19.00$c42\0$e01-jul-2018$fGBP19.00$g0$hP$5Uk
=FFP  \\$aY$bBLDSS-3PM
=FIN  \\$aY$d20181126
=UNO  \\$aY
=LAS  \\$aBATCH-CLA$b00$c20190109$lBLL01$h0137

